<?xml version="1.0" encoding="UTF-8"?><record xmlns="http://www.loc.gov/MARC21/slim" xmlns:cinclude="http://apache.org/cocoon/include/1.0" xmlns:zs="http://www.loc.gov/zing/srw/">
  <leader>00393nz  a2200133n  4500</leader>
  <controlfield tag="001">no 00021394 </controlfield>
  <controlfield tag="003">DLC</controlfield>
  <controlfield tag="005">20000329070026.0</controlfield>
  <controlfield tag="008">000328n| acannaabn          |n ana     c</controlfield>
  <datafield tag="010" ind1=" " ind2=" ">
    <subfield code="a">no 00021394 </subfield>
  </datafield>
  <datafield tag="035" ind1=" " ind2=" ">
    <subfield code="a">(OCoLC)oca05184617</subfield>
  </datafield>
  <datafield tag="040" ind1=" " ind2=" ">
    <subfield code="a">WU</subfield>
    <subfield code="b">eng</subfield>
    <subfield code="c">WU</subfield>
  </datafield>
  <datafield tag="130" ind1=" " ind2="0">
    <subfield code="a">Mdo sṅags bkaʼ ʼgyur dkar chag</subfield>
  </datafield>
  <datafield tag="670" ind1=" " ind2=" ">
    <subfield code="a">The early Mustang Kanjur catalogue, 1999:</subfield>
    <subfield code="b">t.p. (Mdo sṅags bkaʼ ʼgyur dkar chag)</subfield>
  </datafield>
</record>